@inproceedings{reinhardt2017fully,
  title={Fully asynchronous SPH simulation},
  author={Reinhardt, Stefan and Huber, Markus and Eberhardt, Bernhard and Weiskopf, Daniel},
  booktitle={Proceedings of the ACM SIGGRAPH/Eurographics Symposium on Computer Animation},
  pages={2},
  year={2017},
  organization={ACM}
}
@article{ihmsen2014sph,
  title={SPH fluids in computer graphics},
  author={Ihmsen, Markus and Orthmann, Jens and Solenthaler, Barbara and Kolb, Andreas and Teschner, Matthias},
  year={2014},
  publisher={The Eurographics Association}
}